@Manual{humidity,
title = {humidity: Calculate Water Vapor Measures from Temperature and Dew Point},
author = {Jun Cai},
year = {2019},
note = {R package version 0.1.5},
url = {https://github.com/caijun/humidity},
}


@misc{noaa,
author={{National Centers for Environmental Information}},
year={2021},
title={U.S. Local Climatological Data},
publisher={National Oceanic and Atmospheric Administration}
}

@article{dong2020interactive,
  title={An interactive web-based dashboard to track COVID-19 in real time},
  author={Dong, Ensheng and Du, Hongru and Gardner, Lauren},
  journal={The Lancet infectious diseases},
  volume={20},
  number={5},
  pages={533--534},
  year={2020},
  publisher={Elsevier}
}